%YAML 1.1
%TAG !u! tag:unity3d.com,2011:
--- !u!1 &4977164665435142625
GameObject:
  m_ObjectHideFlags: 0
  m_CorrespondingSourceObject: {fileID: 0}
  m_PrefabInstance: {fileID: 0}
  m_PrefabAsset: {fileID: 0}
  serializedVersion: 6
  m_Component:
  - component: {fileID: 1639385346590353215}
  - component: {fileID: 215795890224221243}
  - component: {fileID: 3853365472618250296}
  - component: {fileID: 7757622777493278982}
  - component: {fileID: 1957132091309185635}
  m_Layer: 5
  m_Name: InfoCardFollow
  m_TagString: Untagged
  m_Icon: {fileID: 0}
  m_NavMeshLayer: 0
  m_StaticEditorFlags: 0
  m_IsActive: 1
--- !u!224 &1639385346590353215
RectTransform:
  m_ObjectHideFlags: 0
  m_CorrespondingSourceObject: {fileID: 0}
  m_PrefabInstance: {fileID: 0}
  m_PrefabAsset: {fileID: 0}
  m_GameObject: {fileID: 4977164665435142625}
  m_LocalRotation: {x: 0, y: 0, z: 0, w: 1}
  m_LocalPosition: {x: 0, y: 0, z: 0}
  m_LocalScale: {x: 0.0006, y: 0.0006, z: 0.0006}
  m_Children:
  - {fileID: 8083329541326661358}
  m_Father: {fileID: 0}
  m_RootOrder: 0
  m_LocalEulerAnglesHint: {x: 0, y: 0, z: 0}
  m_AnchorMin: {x: 0, y: 0.5}
  m_AnchorMax: {x: 0, y: 0.5}
  m_AnchoredPosition: {x: 0, y: 0.277}
  m_SizeDelta: {x: 300, y: 292.11}
  m_Pivot: {x: 0, y: 0.5}
--- !u!223 &215795890224221243
Canvas:
  m_ObjectHideFlags: 0
  m_CorrespondingSourceObject: {fileID: 0}
  m_PrefabInstance: {fileID: 0}
  m_PrefabAsset: {fileID: 0}
  m_GameObject: {fileID: 4977164665435142625}
  m_Enabled: 1
  serializedVersion: 3
  m_RenderMode: 2
  m_Camera: {fileID: 0}
  m_PlaneDistance: 100
  m_PixelPerfect: 0
  m_ReceivesEvents: 1
  m_OverrideSorting: 0
  m_OverridePixelPerfect: 0
  m_SortingBucketNormalizedSize: 0
  m_AdditionalShaderChannelsFlag: 0
  m_SortingLayerID: 0
  m_SortingOrder: 0
  m_TargetDisplay: 0
--- !u!114 &3853365472618250296
MonoBehaviour:
  m_ObjectHideFlags: 0
  m_CorrespondingSourceObject: {fileID: 0}
  m_PrefabInstance: {fileID: 0}
  m_PrefabAsset: {fileID: 0}
  m_GameObject: {fileID: 4977164665435142625}
  m_Enabled: 1
  m_EditorHideFlags: 0
  m_Script: {fileID: 11500000, guid: 0cd44c1031e13a943bb63640046fad76, type: 3}
  m_Name: 
  m_EditorClassIdentifier: 
  m_UiScaleMode: 0
  m_ReferencePixelsPerUnit: 100
  m_ScaleFactor: 1
  m_ReferenceResolution: {x: 800, y: 600}
  m_ScreenMatchMode: 0
  m_MatchWidthOrHeight: 0
  m_PhysicalUnit: 3
  m_FallbackScreenDPI: 96
  m_DefaultSpriteDPI: 96
  m_DynamicPixelsPerUnit: 1
--- !u!114 &7757622777493278982
MonoBehaviour:
  m_ObjectHideFlags: 0
  m_CorrespondingSourceObject: {fileID: 0}
  m_PrefabInstance: {fileID: 0}
  m_PrefabAsset: {fileID: 0}
  m_GameObject: {fileID: 4977164665435142625}
  m_Enabled: 1
  m_EditorHideFlags: 0
  m_Script: {fileID: 11500000, guid: dc42784cf147c0c48a680349fa168899, type: 3}
  m_Name: 
  m_EditorClassIdentifier: 
  m_IgnoreReversedGraphics: 1
  m_BlockingObjects: 0
  m_BlockingMask:
    serializedVersion: 2
    m_Bits: 55
--- !u!114 &1957132091309185635
MonoBehaviour:
  m_ObjectHideFlags: 0
  m_CorrespondingSourceObject: {fileID: 0}
  m_PrefabInstance: {fileID: 0}
  m_PrefabAsset: {fileID: 0}
  m_GameObject: {fileID: 4977164665435142625}
  m_Enabled: 1
  m_EditorHideFlags: 0
  m_Script: {fileID: 11500000, guid: d224d6c6750a4c6469d9bbc60dfeba7b, type: 3}
  m_Name: 
  m_EditorClassIdentifier: 
  rectTransform: {fileID: 0}
  targetTransform: {fileID: 0}
--- !u!1 &6920759977299671863
GameObject:
  m_ObjectHideFlags: 0
  m_CorrespondingSourceObject: {fileID: 0}
  m_PrefabInstance: {fileID: 0}
  m_PrefabAsset: {fileID: 0}
  serializedVersion: 6
  m_Component:
  - component: {fileID: 631956404664681175}
  - component: {fileID: 5653893123754530157}
  - component: {fileID: 451826339216251724}
  m_Layer: 5
  m_Name: Image
  m_TagString: Untagged
  m_Icon: {fileID: 0}
  m_NavMeshLayer: 0
  m_StaticEditorFlags: 0
  m_IsActive: 1
--- !u!224 &631956404664681175
RectTransform:
  m_ObjectHideFlags: 0
  m_CorrespondingSourceObject: {fileID: 0}
  m_PrefabInstance: {fileID: 0}
  m_PrefabAsset: {fileID: 0}
  m_GameObject: {fileID: 6920759977299671863}
  m_LocalRotation: {x: 0, y: 0, z: 0, w: 1}
  m_LocalPosition: {x: 0, y: 0, z: 0}
  m_LocalScale: {x: 1, y: 1, z: 1}
  m_Children: []
  m_Father: {fileID: 8083329541326661358}
  m_RootOrder: 2
  m_LocalEulerAnglesHint: {x: 0, y: 0, z: 0}
  m_AnchorMin: {x: 0.5, y: 0.5}
  m_AnchorMax: {x: 0.5, y: 0.5}
  m_AnchoredPosition: {x: -133.5, y: 17.7}
  m_SizeDelta: {x: 25, y: 25}
  m_Pivot: {x: 0.5, y: 0.5}
--- !u!222 &5653893123754530157
CanvasRenderer:
  m_ObjectHideFlags: 0
  m_CorrespondingSourceObject: {fileID: 0}
  m_PrefabInstance: {fileID: 0}
  m_PrefabAsset: {fileID: 0}
  m_GameObject: {fileID: 6920759977299671863}
  m_CullTransparentMesh: 0
--- !u!114 &451826339216251724
MonoBehaviour:
  m_ObjectHideFlags: 0
  m_CorrespondingSourceObject: {fileID: 0}
  m_PrefabInstance: {fileID: 0}
  m_PrefabAsset: {fileID: 0}
  m_GameObject: {fileID: 6920759977299671863}
  m_Enabled: 1
  m_EditorHideFlags: 0
  m_Script: {fileID: 11500000, guid: fe87c0e1cc204ed48ad3b37840f39efc, type: 3}
  m_Name: 
  m_EditorClassIdentifier: 
  m_Material: {fileID: 0}
  m_Color: {r: 1, g: 1, b: 1, a: 1}
  m_RaycastTarget: 1
  m_OnCullStateChanged:
    m_PersistentCalls:
      m_Calls: []
  m_Sprite: {fileID: 21300000, guid: ba836b72fc668f94aa3bd833bcbde4f5, type: 3}
  m_Type: 0
  m_PreserveAspect: 0
  m_FillCenter: 1
  m_FillMethod: 4
  m_FillAmount: 1
  m_FillClockwise: 1
  m_FillOrigin: 0
  m_UseSpriteMesh: 0
  m_PixelsPerUnitMultiplier: 1
--- !u!1001 &8286287889526732915
PrefabInstance:
  m_ObjectHideFlags: 0
  serializedVersion: 2
  m_Modification:
    m_TransformParent: {fileID: 1639385346590353215}
    m_Modifications:
    - target: {fileID: 4259451799899707745, guid: 3bb240f28669b494bae6ee19afe404d1,
        type: 3}
      propertyPath: m_Name
      value: InfoCardUI
      objectReference: {fileID: 0}
    - target: {fileID: 203523507113352861, guid: 3bb240f28669b494bae6ee19afe404d1,
        type: 3}
      propertyPath: m_LocalPosition.x
      value: 0
      objectReference: {fileID: 0}
    - target: {fileID: 203523507113352861, guid: 3bb240f28669b494bae6ee19afe404d1,
        type: 3}
      propertyPath: m_LocalPosition.y
      value: 0
      objectReference: {fileID: 0}
    - target: {fileID: 203523507113352861, guid: 3bb240f28669b494bae6ee19afe404d1,
        type: 3}
      propertyPath: m_LocalPosition.z
      value: 0
      objectReference: {fileID: 0}
    - target: {fileID: 203523507113352861, guid: 3bb240f28669b494bae6ee19afe404d1,
        type: 3}
      propertyPath: m_LocalRotation.x
      value: -0
      objectReference: {fileID: 0}
    - target: {fileID: 203523507113352861, guid: 3bb240f28669b494bae6ee19afe404d1,
        type: 3}
      propertyPath: m_LocalRotation.y
      value: -0
      objectReference: {fileID: 0}
    - target: {fileID: 203523507113352861, guid: 3bb240f28669b494bae6ee19afe404d1,
        type: 3}
      propertyPath: m_LocalRotation.z
      value: -0
      objectReference: {fileID: 0}
    - target: {fileID: 203523507113352861, guid: 3bb240f28669b494bae6ee19afe404d1,
        type: 3}
      propertyPath: m_LocalRotation.w
      value: 1
      objectReference: {fileID: 0}
    - target: {fileID: 203523507113352861, guid: 3bb240f28669b494bae6ee19afe404d1,
        type: 3}
      propertyPath: m_RootOrder
      value: 0
      objectReference: {fileID: 0}
    - target: {fileID: 203523507113352861, guid: 3bb240f28669b494bae6ee19afe404d1,
        type: 3}
      propertyPath: m_LocalEulerAnglesHint.x
      value: 0
      objectReference: {fileID: 0}
    - target: {fileID: 203523507113352861, guid: 3bb240f28669b494bae6ee19afe404d1,
        type: 3}
      propertyPath: m_LocalEulerAnglesHint.y
      value: 0
      objectReference: {fileID: 0}
    - target: {fileID: 203523507113352861, guid: 3bb240f28669b494bae6ee19afe404d1,
        type: 3}
      propertyPath: m_LocalEulerAnglesHint.z
      value: 0
      objectReference: {fileID: 0}
    - target: {fileID: 203523507113352861, guid: 3bb240f28669b494bae6ee19afe404d1,
        type: 3}
      propertyPath: m_AnchoredPosition.x
      value: 0
      objectReference: {fileID: 0}
    - target: {fileID: 203523507113352861, guid: 3bb240f28669b494bae6ee19afe404d1,
        type: 3}
      propertyPath: m_AnchoredPosition.y
      value: 0
      objectReference: {fileID: 0}
    - target: {fileID: 203523507113352861, guid: 3bb240f28669b494bae6ee19afe404d1,
        type: 3}
      propertyPath: m_SizeDelta.x
      value: 317
      objectReference: {fileID: 0}
    - target: {fileID: 203523507113352861, guid: 3bb240f28669b494bae6ee19afe404d1,
        type: 3}
      propertyPath: m_SizeDelta.y
      value: 100.54
      objectReference: {fileID: 0}
    - target: {fileID: 203523507113352861, guid: 3bb240f28669b494bae6ee19afe404d1,
        type: 3}
      propertyPath: m_AnchorMin.x
      value: 0
      objectReference: {fileID: 0}
    - target: {fileID: 203523507113352861, guid: 3bb240f28669b494bae6ee19afe404d1,
        type: 3}
      propertyPath: m_AnchorMin.y
      value: 0.5
      objectReference: {fileID: 0}
    - target: {fileID: 203523507113352861, guid: 3bb240f28669b494bae6ee19afe404d1,
        type: 3}
      propertyPath: m_AnchorMax.x
      value: 0
      objectReference: {fileID: 0}
    - target: {fileID: 203523507113352861, guid: 3bb240f28669b494bae6ee19afe404d1,
        type: 3}
      propertyPath: m_AnchorMax.y
      value: 0.5
      objectReference: {fileID: 0}
    - target: {fileID: 203523507113352861, guid: 3bb240f28669b494bae6ee19afe404d1,
        type: 3}
      propertyPath: m_Pivot.x
      value: 0
      objectReference: {fileID: 0}
    - target: {fileID: 203523507113352861, guid: 3bb240f28669b494bae6ee19afe404d1,
        type: 3}
      propertyPath: m_Pivot.y
      value: 0.5
      objectReference: {fileID: 0}
    - target: {fileID: 203523507113352861, guid: 3bb240f28669b494bae6ee19afe404d1,
        type: 3}
      propertyPath: m_LocalScale.x
      value: 1
      objectReference: {fileID: 0}
    - target: {fileID: 203523507113352861, guid: 3bb240f28669b494bae6ee19afe404d1,
        type: 3}
      propertyPath: m_LocalScale.y
      value: 1
      objectReference: {fileID: 0}
    - target: {fileID: 203523507113352861, guid: 3bb240f28669b494bae6ee19afe404d1,
        type: 3}
      propertyPath: m_LocalScale.z
      value: 1
      objectReference: {fileID: 0}
    - target: {fileID: 663317706386883418, guid: 3bb240f28669b494bae6ee19afe404d1,
        type: 3}
      propertyPath: m_LocalPosition.z
      value: 0
      objectReference: {fileID: 0}
    - target: {fileID: 663317706386883418, guid: 3bb240f28669b494bae6ee19afe404d1,
        type: 3}
      propertyPath: m_AnchoredPosition.x
      value: -105.33432
      objectReference: {fileID: 0}
    - target: {fileID: 663317706386883418, guid: 3bb240f28669b494bae6ee19afe404d1,
        type: 3}
      propertyPath: m_AnchoredPosition.y
      value: 22.412907
      objectReference: {fileID: 0}
    - target: {fileID: 663317706386883418, guid: 3bb240f28669b494bae6ee19afe404d1,
        type: 3}
      propertyPath: m_SizeDelta.x
      value: -273.7
      objectReference: {fileID: 0}
    - target: {fileID: 663317706386883418, guid: 3bb240f28669b494bae6ee19afe404d1,
        type: 3}
      propertyPath: m_SizeDelta.y
      value: -29.3
      objectReference: {fileID: 0}
    - target: {fileID: 1802479116748239218, guid: 3bb240f28669b494bae6ee19afe404d1,
        type: 3}
      propertyPath: m_FontData.m_FontSize
      value: 140
      objectReference: {fileID: 0}
    - target: {fileID: 8566278406161691693, guid: 3bb240f28669b494bae6ee19afe404d1,
        type: 3}
      propertyPath: m_AnchoredPosition.y
      value: -11.987093
      objectReference: {fileID: 0}
    - target: {fileID: 8566278406161691693, guid: 3bb240f28669b494bae6ee19afe404d1,
        type: 3}
      propertyPath: m_AnchoredPosition.x
      value: 14
      objectReference: {fileID: 0}
    - target: {fileID: 8566278406161691693, guid: 3bb240f28669b494bae6ee19afe404d1,
        type: 3}
      propertyPath: m_SizeDelta.x
      value: 2096.3
      objectReference: {fileID: 0}
    - target: {fileID: 2421282386635437094, guid: 3bb240f28669b494bae6ee19afe404d1,
        type: 3}
      propertyPath: m_FontData.m_FontSize
      value: 120
      objectReference: {fileID: 0}
    m_RemovedComponents: []
  m_SourcePrefab: {fileID: 100100000, guid: 3bb240f28669b494bae6ee19afe404d1, type: 3}
--- !u!224 &8083329541326661358 stripped
RectTransform:
  m_CorrespondingSourceObject: {fileID: 203523507113352861, guid: 3bb240f28669b494bae6ee19afe404d1,
    type: 3}
  m_PrefabInstance: {fileID: 8286287889526732915}
  m_PrefabAsset: {fileID: 0}
